@article{jalaleddine1990ecg,
  title={ECG data compression techniques-a unified approach},
  author={Jalaleddine, Sateh MS and Hutchens, Chriswell G and Strattan, Robert D and Coberly, William A},
  journal={IEEE transactions on Biomedical Engineering},
  volume={37},
  number={4},
  pages={329--343},
  year={1990},
  publisher={IEEE}
}
@inproceedings{schoellhammer2004lightweight,
  title={Lightweight Temporal Compression of Microclimate Datasets},
  author={Schoellhammer, Tom and Osterweil, Eric and Greenstein, Ben and Wimbrow, Mike and Estrin, Deborah},
  booktitle={Proceedings of the 29th Annual IEEE International Conference on Local Computer Networks},
  pages={516--524},
  year={2004},
  organization={IEEE Computer Society}
}
